
@article{Gy87,
       	author = "Gyárfás, András ",
       	title = "Problems from the world surrounding perfect graphs",
       	year = "1987",
		journal = "Zastosowania Matematyki Applicationes Mathematicae XIX",
		pages = "413--441"
       }

@article{Ki96,
		author = "Kierstead, H.A. and Rödl, V.",
		title = "Applications of hypergraph coloring to coloring graphs not inducing certan trees",
		year = "1996",
		journal = "Discrete Mathematics",
		pages = "187--193",
		volume = "150"
}

@article{GST80,
		author = "Gyárfás, A. and Szemeredi, E. and Tuza, Zs.",
		title = "Induced subtrees in graphs of large chromatic number",
		year = "1980",
		journal = "Discrete Mathematics",
		pages = "235--244",
		volume = "30"
}
				
		
@misc{CSP17,
		Author = {Maria Chudnovsky and Alex Scott and Paul Seymour},
		Title = {Induced subgraphs of graphs with large chromatic number. {XII}. {D}istant stars},
		Year = {2017},
		Eprint = {arXiv:1711.08612 [math.CO]},
}

@article{Ki94,
		author = "Kierstead, H.A. and Penrice, S.G.",
		title = "Radius two trees specify $\chi$-bounded classes",
		year = "1994",
		journal = "Journal of Graph Theory",
		volume = "18",
		pages = "119--129"
}

@article{Sc97,
		author = "Scott, Alex",
		title = "Induced trees in graphs of large chromatic number",
		year = "1997",
		journal = "Journal of Graph Theory",
		volume = "24",
		pages = "297--311"
}

@article{Ki04,
		author = "Kierstead, H.A. and Zhu, Y.",
		title = "Radius three trees in graphs with large chromatic number",
		year = "2004",
		journal = "SIAM Journal of Discrete Mathematics",
		volume = "17",
		pages = "571--581"
}
@incollection{Gy75,
    AUTHOR = {Gy\'arf\'as, A.},
     TITLE = {On {R}amsey covering-numbers},
 BOOKTITLE = "Colloq. Math. Soc. Jan\'os Bolyai \textnormal{in} Infinite and Finite Sets",
     PAGES = {801--816},
 PUBLISHER = {North Holland/American Elsevier, New York},
      YEAR = {1975},
      volume = "10"
}

@incollection {Su81,
    AUTHOR = {Sumner, D. P.},
     TITLE = {Subtrees of a graph and the chromatic number},
 BOOKTITLE = {The Theory and Applications of Graphs},
     PAGES = {557--576},
 PUBLISHER = {John Wiley \& Sons, New York},
      YEAR = {1981},
      editor = "G. Chartrand"
}

@article{Paw14,
title = "Triangle-free intersection graphs of line segments with large chromatic number",
journal = "Journal of Combinatorial Theory, Series B",
volume = "105",
pages = "6 - 10",
year = "2014",
author = {Arkadiusz Pawlik and Jakub Kozik and Tomasz Krawczyk and Micha\l Laso$\rm\acute{n}$ and Piotr Micek and William T. Trotter and Bartosz Walczak}
}

@misc{Ma16,
Author = {Ryan R. Martin},
		Title = {A note on a conjecture of {G}yárfás},
		Year = {2016},
		Eprint = {arXiv:1605.06638v2 [math.CO]},

}

@incollection{EH66,
AUTHOR = {Erd\H{o}s, P. and Hajnal, A.},
     TITLE = {On chromatic number of graphs and set-systems},
 BOOKTITLE = {Acta Math. Acad. Sci. Hungar.},
     PAGES = {61--99},
      YEAR = {1966},
      volume="17"
}

@article{My55,
author = {Mycielski, Jan},
journal = {Colloquium Mathematicae},
number = {2},
pages = {161-162},
title = {Sur le coloriage des graphs},
volume = {3},
year = {1955},
}

@misc{Fe18,
author ={Stefan Felsner and Gwena\"{e}l Joret and Piotr Micek and William T. Trotter and Veit Wiechert},
title={Burling graphs, chromatic number, and orthogonal tree-decompositions},
year={2018},
Eprint={arXiv:1703.07871v3 [math.CO]}
}

@PhdThesis{Bu65,
author={James P. Burling},
title={\textit{"}\emph{On coloring problems of families of prototypes}\textit{"}},
school={University of Colorado, Boulder},
year={1965}
}
